@book{diplomka,
author="Papež Václav",
title="Neuroinformatická databáze a sémantický web",
publisher="ZČU",
year="2010",
isbn="",
address="Plzeň"
}


@manual{dva,
      title = "W3C Semantic Web Activity",
      author = "W3C",
      year   = "2006. \\http://www.w3.org/2001/12/semweb-fin/w3csw, (přístup 8.1.2011)"
}


@manual{tri,
author="Matulík Petr, Pitner Tomáš",
organization="\\Masarykova univerzita",
title="Sémantický web a jeho technologie",
year="2004. http://www.ics.muni.cz/zpravodaj/articles/\\296.html, (přístup 5.1.2011)",
cited="5.1.2011"
}

@manual{ctyri,
organization="W3C",
title="RDF/XML Syntax Specification",
year="2004.\\ http://www.w3.org/TR/REC-rdf-syntax, (přístup 6.1.2011)",
}

@manual{pet,
organization="Svátek Vojtěch",
title="Sémantický web",
year="2010. \\http://nb.vse.cz/~svatek/rzzw/seweb-prehled.pdf, (přístup 2.1.2011)",
}

@manual{sest,
author="Hanyáš Petr",
organization="Vysoké učení technické v Brně",
title="Sémantický web - tutotiál a demonstrační příklady",
year="2007. http://www.hanyas.net/download/soubor:\\bp\_cesky.pdf, (přístup 6.1.2011)",
}

@manual{sedm,
author="",
organization="W3C",
title="OWL 2 Web Ontology Language",
year="2009. \\http://www.w3.org/TR/owl2-overview/, (přístup 5.1.2011) ",
}

@manual{osm,
author="",
organization="JBoss Community",
title="Hibernate",
year="2010. http://www.hibernate.org/, (přístup 6.1.2011)",
}


@manual{devet,
author="",
organization="",
title="Jena – A Semantic Web Framework for Java",
year="2010. \\http://jena.sourceforge.net, (přístup 7.1.2011)",
}

@manual{deset,
author="",
organization="",
title="Jenabean",
year="2010. http://code.google.com/p/jenabean,\\ (přístup 5.1.2011)",
}

@manual{jedenact,
author="",
organization="Oracle",
title="Annotations",
year="2004. http://download.oracle.com/javase/1.5.0/\\docs/guide/language/annotations.html,     
 (přístup 27.12.2011)",
}


@manual{dvanact,
author="",
organization="Oracle",
title="The Java Tutorials - Annotations",
year="2010. \\http://download.oracle.com/javase/tutorial/java/javaOO/\\annotations.html, (přístup 27.12.2011)",
}


@manual{trinact,
author="",
organization="Oracle",
title="Java Platform, Standard Edition 6 API Specification",
year="2010.\\ http://download.oracle.com/javase/6/docs/api, (přístup 27.12.2011)",
}

@manual{ctrnact,
author="",
organization="",
title="The OWL API",
year="2011. http://owlapi.sourceforge.net, \\(přístup 26.3.2011) ",
}

@manual{patnact,
author="",
organization="W3C",
title="OWL Web Ontology Language",
year="2011. \\http://www.w3.org/TR/owl-ref, (přístup 20.3.2011)",
}

@manual{sestnact,
author="",
organization="Tauberer Joshua",
title="RDF about",
year="2011. http://www.rdfabout.com/intro, (přístup 20.3.2011)",
}

@manual{sedmnact,
author="",
organization="IBM",
title="IBM Jenabean",
year="2011. http://www.ibm.com/developerworks/java/\\library/j-jenabean/index.html,  (přístup 15.4.2011)",
}

@manual{osmnact,
author="",
organization="University of Washington",
title="Annotation File Utilities",
year="2011.\\ http://types.cs.washington.edu/annotation-file-utilities, \\(přístup 2.4.2011) ",
}

@manual{devatenact,
author="",
organization="Oracle",
title="The Java Archive (JAR) File Format",
year="2011. \\http://java.sun.com/developer/Books/javaprogramming/JAR, \\(přístup 4.4.2011) ",
}

@manual{dvacetJedna,
author="",
organization="Oracle",
title="Using Java Reflection",
year="2011. http://java.sun.com/developer/\\technicalArticles/ALT/Reflection, (přístup 27.3.2011) ",
}

@book{dvacetDva,
author="Grigoris, Antoniou - Frank, van Harmelen",
title="A Semantic Web Primer",
publisher="Massachusetts Institute of Technology",
year="2004. \\ISBN 0-262-01210-3",
isbn="0-262-01210-3",
address="Cambridge"
}


@manual{dvacetTri,
author="",
organization="",
title="Neuroscience Information Framework",
year="2011. http://www.neuinfo.org, (přístup 21.4.2011)",
}


@misc{sedmnactka,
      title = "OWL 2 Web Ontology Language Primer",
      author = "W3C",
      howpublished={\url{http://www.w3.org/TR/owl2-primer/}},
      year   = "2011 (přístup 20.3.2011)"
}




